@article{blei2003latent,
  title={Latent dirichlet allocation},
  author={Blei, David M and Ng, Andrew Y and Jordan, Michael I},
  journal={Journal of machine Learning research},
  volume={3},
  number={Jan},
  pages={993--1022},
  year={2003}
}

@article{heinrich2005parameter,
author = {Heinrich, Gregor},
year = {2005},
month = {01},
pages = {},
title = {Parameter Estimation for Text Analysis}
}

@inproceedings{darling2011theoretical,
  title={A theoretical and practical implementation tutorial on topic modeling and gibbs sampling},
  author={Darling, William M},
  booktitle={Proceedings of the 49th annual meeting of the association for computational linguistics: Human language technologies},
  pages={642--647},
  year={2011}
}

@article{griffiths2002gibbs,
  title={Gibbs sampling in the generative model of latent dirichlet allocation},
  author={Griffiths, Tom},
  year={2002},
  publisher={Citeseer}
}