@article{blei2003latent,
  title={Latent Dirichlet Allocation},
  author={Blei, David M and Ng, Andrew Y and Jordan, Michael I},
  journal={The Journal of Machine Learning Research},
  volume={3},
  pages={993-1022},
  year={2003}
}

@techreport{heinrich2005parameter,
  author = {Heinrich, Gregor},
  year = {2005},
  title = {Parameter estimation for text analysis},
  institution = {vsonix GmbH + University of Leipzig},
  address = {Leipzig, Germany}
}

@inproceedings{darling2011theoretical,
  title={A theoretical and practical implementation tutorial on topic modeling and Gibbs sampling},
  author={Darling, William M},
  booktitle={Proceedings of the 49th annual meeting of the association for computational linguistics: Human language technologies},
  year={2011}
}

@techreport{griffiths2002gibbs,
  title={Gibbs sampling in the generative model of Latent Dirichlet Allocation},
  author={Griffiths, Tom},
  year={2002},
  institution = {Department of Psychology, Stanford University},
  address = {Stanford, CA}
}
@inproceedings{hofmann1999probabilistic,
  title={Probabilistic latent semantic analysis},
  author={Hofmann, Thomas},
  booktitle={Proceedings of the Fifteenth conference on Uncertainty in artificial intelligence},
  pages={289--296},
  year={1999},
  organization={Morgan Kaufmann Publishers Inc.}
}
@inproceedings{griffiths2005integrating,
  title={Integrating topics and syntax},
  author={Griffiths, Thomas L and Steyvers, Mark and Blei, David M and Tenenbaum, Joshua B},
  booktitle={Advances in neural information processing systems},
  pages={537--544},
  year={2005}
}
@article{blei2012probabilistic,
  title={Probabilistic topic models},
  author={Blei, David M},
  journal={Communications of the ACM},
  volume={55},
  number={4},
  pages={77--84},
  year={2012},
  publisher={ACM}
}
@inproceedings{blei2006dynamic,
  title={Dynamic topic models},
  author={Blei, David M and Lafferty, John D},
  booktitle={Proceedings of the 23rd international conference on Machine learning},
  pages={113--120},
  year={2006},
  organization={ACM}
}
@misc{20_newsgroups,
    title = {20 Newsgroups},
    url = {http://qwone.com/~jason/20Newsgroups/},
    author = {Rennie, Jason},
    year = {2008},
}
@article{griffiths2004finding,
  title={Finding scientific topics},
  author={Griffiths, Thomas L and Steyvers, Mark},
  journal={Proceedings of the National academy of Sciences},
  volume={101},
  number={suppl 1},
  pages={5228--5235},
  year={2004},
  publisher={National Acad Sciences}
}