@article{blei2003latent,
  title={Latent Dirichlet Allocation},
  author={Blei, David M and Ng, Andrew Y and Jordan, Michael I},
  journal={The Journal of Machine Learning Research},
  volume={3},
  pages={993-1022},
  year={2003}
}

@techreport{heinrich2005parameter,
  author = {Heinrich, Gregor},
  year = {2005},
  title = {Parameter estimation for text analysis},
  institution = {vsonix GmbH + University of Leipzig},
  address = {Leipzig, Germany}
}
