@article{blei2003latent,
  title={Latent Dirichlet Allocation},
  author={Blei, David M and Ng, Andrew Y and Jordan, Michael I},
  journal={The Journal of Machine Learning Research},
  volume={3},
  pages={993-1022},
  year={2003}
}

@techreport{heinrich2005parameter,
  author = {Heinrich, Gregor},
  year = {2005},
  title = {Parameter estimation for text analysis},
  institution = {vsonix GmbH + University of Leipzig},
  address = {Leipzig, Germany}
}

@inproceedings{darling2011theoretical,
  title={A theoretical and practical implementation tutorial on topic modeling and Gibbs sampling},
  author={Darling, William M},
  booktitle={Proceedings of the 49th annual meeting of the association for computational linguistics: Human language technologies},
  year={2011}
}

@techreport{griffiths2002gibbs,
  title={Gibbs sampling in the generative model of Latent Dirichlet Allocation},
  author={Griffiths, Tom},
  year={2002},
  institution = {Department of Psychology, Stanford University},
  address = {Stanford, CA}
}